@BOOK{KushilevitzNisan,
author = "Eyal Kushilevitz and Noam Nisan",
title = "Communication Complexity",
address = "",
publisher = "Cambridge University press",
year = 2006
}

@BOOK{Razborov,
author = "Alexander Razborov",
title = "Communication Complexity",
address = "In",
publisher = "An Invitation to Mathematics: from Competitions to Research. Springer",
year = 2011
}

@BOOK{HermannMarkus,
author = "H. Gruber and M. Holzer",
title = "Finding lower bounds for nondeterministic state complexity is hard",
address = "",
publisher = "Springer",
year = 2006
}

@BOOK{KulikovJukna,
author = "S. Jukna and A. S. Kulikov",
title = "On covering graphs by complete bipartite subgraphs",
address = "",
publisher = "Discrete Math",
year = 2009
}

@BOOK{EntropyInequality,
author = "Tarik Kaced and
               A. E. Romashchenko and
               N. K. Vereshchagin",
title = "Conditional Information Inequalities and Combinatorial Applications",
address = "",
publisher = "CoRR",
year = 2015
}

@BOOK{OreOustin,
author = "Ойстин Оре",
title = "Теория графов",
address = "",
publisher = "Наука",
year = 1968
}
